@BOOK{FILTERS07,
	AUTHOR = "Julius O. Smith",
	TITLE = "Introduction to Digital Filters with Audio Applications",
	PUBLISHER = "W3K Publishing",
	ADDRESS = "\htmladdnormallink{http://www.w3k.org/books/}{http://www.w3k.org/books/}",
	YEAR = 2007,
	ISBN = "978-0-9745607-1-7"
}

@book{smith_digital_2010,
  title={Digital Signal Processing: A Practical Guide for Engineers and Scientists},
  author={Smith, Steven W.},
  year={2010},
  publisher={Pearson}
}

@book{Smith_2003,
  title={Introduction to Digital Filters with Audio Applications},
  author={Smith, Julius O.},
  year={2003},
  publisher={W3K Publishing}
}

@book{tan_digital_2010,
  title={Digital Signal Processing: Fundamentals and Applications},
  author={Tan, Li and Jiang, Jean},
  year={2010},
  publisher={CRC Press}
}

@book{ifeachor_digital_2002,
  title={Digital signal processing: a practical approach},
  author={Ifeachor, Emmanuel C and Jervis, Barrie W},
  year={2002},
  publisher={Pearson Education}
}

@book{buck_digital_nodate,
  title={Digital Signal Processing: A Review Journal},
  author={Buck, John R.},
  publisher={John R. Buck}
}

@book{stein_digital_2011,
  title={Digital Signal Processing: A Computer Science Perspective},
  author={Stein, Jonathan Y and Vetterli, Martin},
  year={2011},
  publisher={Princeton University Press}
}

@book{mitra_digital_2018,
  title={Digital Signal Processing: A Computer-Based Approach},
  author={Mitra, Sanjit K.},
  year={2018},
  publisher={McGraw-Hill Education}
}

@book{proakis_digital_2014,
  title={Digital signal processing: principles, algorithms, and applications},
  author={Proakis, John G and Manolakis, Dimitris K},
  year={2014},
  publisher={Pearson Education}
}


@book{roberts1987digital,
  title={Digital signal processing},
  author={Roberts, Richard A and Mullis, Clifford T},
  year={1987},
  publisher={Addison-Wesley Longman Publishing Co., Inc.}
}

@book{dueck2005digital,
  title={Digital Design with CPLD Applications and VHDL},
  author={Dueck, R.K.},
  isbn={9781401840303},
  lccn={2004045514},
  url={https://books.google.hr/books?id=1eO7kLWUmYIC},
  year={2005},
  publisher={Thomson/Delmar Learning}
}

@inproceedings{tsividis2004digital,
  title={Digital signal processing in continuous time: a possibility for avoiding aliasing and reducing quantization error},
  author={Tsividis, Yannis},
  booktitle={2004 IEEE International Conference on Acoustics, Speech, and Signal Processing},
  volume={2},
  pages={ii--589},
  year={2004},
  organization={IEEE}
}

@article{heideman1985gauss,
  title={Gauss and the history of the fast Fourier transform},
  author={Heideman, Michael T and Johnson, Don H and Burrus, C Sidney},
  journal={Archive for history of exact sciences},
  pages={265--277},
  year={1985},
  publisher={JSTOR}
}

@book{krishna2017digital,
  title={Digital signal processing algorithms: number theory, convolution, fast Fourier transforms, and applications},
  author={Krishna, Hari},
  year={2017},
  publisher={Routledge}
}

@book{gersho2012vector,
  title={Vector quantization and signal compression},
  author={Gersho, Allen and Gray, Robert M},
  volume={159},
  year={2012},
  publisher={Springer Science \& Business Media}
}

@book{lloyd1937music,
  title={Music and sound},
  author={Lloyd, Llewelyn Southworth},
  year={1937},
  publisher={London; Toronto: Oxford University Press}
}

@article{gardner2002reverberation,
  title={Reverberation algorithms},
  author={Gardner, William G},
  journal={Applications of digital signal processing to audio and acoustics},
  pages={85--131},
  year={2002},
  publisher={Springer}
}

@book{zolzer2022digital,
  title={Digital audio signal processing},
  author={Z{\"o}lzer, Udo},
  year={2022},
  publisher={John Wiley \& Sons}
}

@article{dattorro1997effect,
  title={Effect design, part 2: Delay line modulation and chorus},
  author={Dattorro, Jon},
  journal={Journal of the Audio engineering Society},
  volume={45},
  number={10},
  pages={764--788},
  year={1997},
  publisher={Audio Engineering Society}
}

@misc{nativeinstrumentsReverbEssential,
	author = {Native Instruments},
	title = {How to use reverb: the essential reverb guide for music producers | Native Instruments Blog --- blog.native-instruments.com},
	howpublished = {\url{https://blog.native-instruments.com/how-to-use-reverb/#common-reverb-parameters}},
	year = {17-Jan-2023},
	note = {[01-May-2023]},
}


@book{broesch2008digital,
  title={Digital signal processing: instant access},
  author={Broesch, James D},
  year={2008},
  publisher={Elsevier}
}

@book{self2012audio,
  title={Audio engineering explained},
  author={Self, Douglas},
  year={2012},
  publisher={Routledge}
}

@article{candes2008introduction,
  title={An introduction to compressive sampling},
  author={Cand{\`e}s, Emmanuel J and Wakin, Michael B},
  journal={IEEE signal processing magazine},
  year={2008},
  publisher={IEEE}
}

@book{sundberg1982tune,
  title={In Tune or Not?: a study of fundamental frequency in music practise},
  author={Sundberg, Johan},
  year={1982},
  publisher={na}
}

@article{stevens1940relation,
  title={The relation of pitch to frequency: A revised scale},
  author={Stevens, Stanley S and Volkmann, John},
  journal={The American Journal of Psychology},
  year={1940},
  publisher={JSTOR}
}

@article{benward2003introduction,
  title={Introduction. The materials of music: Sound and time},
  author={Benward, B and Saker, M},
  journal={Music in theory and practice, pp. xii--25). NY, NY: McGraw-Hill},
  year={2003}
}

@book{prout2011harmony,
  title={Harmony: its theory and practice},
  author={Prout, Ebenezer},
  year={2011},
  publisher={Cambridge University Press}
}

@book{benson2006music,
  title={Music: A mathematical offering},
  author={Benson, Dave},
  year={2006},
  publisher={Cambridge University Press}
}

@book{sethares2005tuning,
  title={Tuning, timbre, spectrum, scale},
  author={Sethares, William A},
  year={2005},
  publisher={Springer Science \& Business Media}
}

@misc{teachmeaudio2020,
  title={Fundamental and harmonic frequencies},
  url={https://www.teachmeaudio.com/recording/sound-reproduction/fundamental-harmonic-frequencies},
  journal={Teach Me Audio},
  year={2020},
  month={May}
}

@article{christensen1987science,
 ISSN = {00222909},
 author = {Thomas Christensen and Jean-Philippe Rameau},
 journal = {Journal of Music Theory},
 number = {1},
 pages = {23--50},
 publisher = {[Duke University Press, Yale University Department of Music]},
 title = {Eighteenth-Century Science and the "Corps Sonore:" The Scientific Background to Rameau's "Principle of Harmony"},
 volume = {31},
 year = {1987}
}

@misc{gustine_2021,
  title={Guitar tuner - pitch detection for dummies},
  url={https://medium.com/@jeremygustine/guitar-tuner-pitch-detection-for-dummies-64c4ae27e7ae},
  journal={Medium},
  publisher={Medium},
  author={Gustine, Jeremy},
  year={2021},
  month={Jul}
}

@misc{focusrite_2022,
  title={Sample rate, bit depth and buffer size explained – focusrite audio ...},
  url={https://support.focusrite.com/hc/en-gb/articles/115004120965-Sample-Rate-Bit-Depth-Buffer-Size-Explained},
  journal={Focusrite},
  year={2022},
  month={Jan}
}

@article{lourde2009digital,
  title={A digital guitar tuner},
  author={Lourde, Mary and Saji, Anjali Kuppayil},
  journal={arXiv e-prints},
  pages={arXiv--0912},
  year={2009}
}

@article{pericic2008visejezicni,
  title={Visejezicni recnik muzickih termina},
  author={Pericic, Vlastimir},
  year={2008},
  publisher={Srpska akad. nauka i umetnosti}
}

@misc{hemu_2020,
  title={Hrvatska enciklopedija (1941.-1945.)},
  url={https://hemu.lzmk.hr/Natuknica.aspx?ID=830},
  journal={Hemu},
  publisher={Leksikografski zavod Miroslav Krleža},
  year={2020},
  month={Apr}
}

@article{de2002yin,
  title={YIN, a fundamental frequency estimator for speech and music},
  author={De Cheveign{\'e}, Alain and Kawahara, Hideki},
  journal={The Journal of the Acoustical Society of America},
  volume={111},
  number={4},
  pages={1917--1930},
  year={2002},
  publisher={Acoustical Society of America}
}

@misc{six_cornelis_lerman,
  title={TarsosDSP: A real-time audio processing framework in Java},
  url={https://github.com/JorenSix/TarsosDSP},
  journal={GitHub},
  author={Six, Joren and Cornelis, Olmo and Lerman, Marc}
} 

@inproceedings{six2014tarsosdsp,
  author      = {Joren Six and Olmo Cornelis and Marc Leman},
  title       = {{TarsosDSP, a Real-Time Audio Processing Framework in Java}},
  booktitle   = {{Proceedings of the 53rd AES Conference (AES 53rd)}}, 
  year        =  2014
}

@misc{reinke_2018,
  title={Spectroid},
  url={https://play.google.com/store/apps/details?id=org.intoorbit.spectrum&amp;hl=en_GB&amp;gl=US},
  journal={Google Play},
  publisher={Google},
  author={Reinke, Carl},
  year={2018}
}

@misc{gstraube,
  title={Cythara: A musical instrument tuner for Android},
  url={https://github.com/gstraube/cythara.git},
  journal={GitHub},
  author={Gstraube}
} 